@article{10.1016/j.ipm.2016.05.004,
	author = {Capannini, Gabriele and Lucchese, Claudio and Nardini, Franco Maria and Orlando, Salvatore and Perego, Raffaele and Tonellotto, Nicola},
	title = {Quality versus Efficiency in Document Scoring with Learning-to-Rank Models},
	year = {2016},
	issue_date = {November 2016},
	publisher = {Pergamon Press, Inc.},
	address = {USA},
	volume = {52},
	number = {6},
	issn = {0306-4573},
	url = {https://doi.org/10.1016/j.ipm.2016.05.004},
	doi = {10.1016/j.ipm.2016.05.004},
	journal = {Inf. Process. Manage.},
	month = nov,
	pages = {1161â€“1177},
	numpages = {17},
	keywords = {Learning-to-rank, Efficiency, Document scoring}
}

